<?xml version="1.0" encoding="UTF-8"?><collection xmlns="http://www.loc.gov/MARC21/slim"><record><leader>00582nam--2200205-i-4500</leader><controlfield tag="001">000012866</controlfield><controlfield tag="002">20161230</controlfield><controlfield tag="005">20161230201030</controlfield><controlfield tag="008">060222s1000------------r-----000-0-eng-d</controlfield><datafield ind1=" " ind2=" " tag="020"><subfield code="a">0306371728</subfield></datafield><datafield ind1=" " ind2=" " tag="040"><subfield code="a">IFIN-HH</subfield></datafield><datafield ind1=" " ind2=" " tag="080"><subfield code="a">535.338</subfield></datafield><datafield ind1="1" ind2=" " tag="100"><subfield code="a">Sellin, Ivan A</subfield></datafield><datafield ind1="1" ind2="0" tag="245"><subfield code="a">Beam-foil spectroscopy</subfield><subfield code="c">IVAN A. SELLIN; DAVID J. PEGG (Eds.)</subfield></datafield><datafield ind1=" " ind2=" " tag="260"><subfield code="a">LONDON</subfield><subfield code="b">Plenum Press</subfield></datafield><datafield ind1=" " ind2=" " tag="300"><subfield code="a">2 VOLUME</subfield></datafield><datafield ind1="1" ind2=" " tag="700"><subfield code="a">Pegg, David J</subfield><subfield code="e">Ed</subfield></datafield><datafield ind1="0" ind2=" " tag="787"><subfield code="a">Volume 2</subfield><subfield code="d">1976</subfield><subfield code="h">Xx + /461/ 987 P</subfield><subfield code="t">Collisional And Radiative Processes</subfield></datafield><datafield ind1=" " ind2=" " tag="852"><subfield code="a">46548</subfield><subfield code="c">535.33</subfield></datafield><datafield ind1=" " ind2=" " tag="CAT"><subfield code="a">Sys</subfield><subfield code="c">20101214</subfield><subfield code="h">150942</subfield></datafield></record></collection>